@article{bradley78,
    author = {J. V. Bradley}, 
    year = {1978},
    title = {Robustness?},
    journal = {{B}ritish {J}ournal of {M}athematical and {S}tatistical {P}sychology},
    volume = {31},
    pages = {144-152}}


@Article{burton_design_2006,
  title = {The Design of Simulation Studies in Medical Statistics},
  author = {Andrea Burton and Douglas G. Altman and Patrick Royston and Roger L. Holder},
  year = {2006},
  month = {dec},
  volume = {25},
  pages = {4279--4292},
  issn = {02776715, 10970258},
  doi = {10.1002/sim.2673},
  file = {C\:\\Users\\Anna\\Dropbox\\anna\\projects\\zotero\\Burton et al. - 2006 - The design of simulation studies in medical statis.pdf},
  journal = {Statistics in Medicine},
  language = {en},
  number = {24},
}

@article{mackinnon04,
	Author = {D. P. MacKinnon and C. M. Lockwood and J. Williams},
	Year = {2004},
	Title = {Confidence limits for the indirect effect: {D}istribution of the product and resampling methods},
	Journal = {Multivariate {B}ehavioral {R}esearch},
	Volume = {39},
	Pages = {99 -- 128}}

@Book{manly97,
    Author = {B. F. Manly},
    Year = {1997},
    Title = {Randomization and Monte Carlo methods in biology},
    Publisher = {Chapman and Hall},
    Address = {New York}}

@incollection{meeker81,
    Author = {W. Q. Meeker and L. W. Cornwell and L. A. Aroian},
    Booktitle = {Selected tables in mathematical statistics},
    Editor = {W. J. Kennedy and R. E. Odeh and J. M. Davenport},
    Publisher = {American Mathematical Society},
    Address = {Providence, RI},
    Title = {The product of two normally distributed random variables},
    Pages = {1918 -- 1927},
    Edition = {7},
    Year = {1981}
}

@article{meeker94,
	Author = {W. Q. Meeker and L. A. Escobar},
	Year = {1994},
	Title = {An algorithm to compute the cdf of the product of two normal random variables},
	Journal = {Communications in Statistics: Simulation and Computation},
	Volume = {23},
	Pages = {271 -- 280}}

@article{rougier_sustainable_2017-1,
  title = {Sustainable Computational Science: The {{ReScience}} Initiative},
  shorttitle = {Sustainable Computational Science},
  author = {Rougier, Nicolas P. and Hinsen, Konrad and Alexandre, Fr{\'e}d{\'e}ric and Arildsen, Thomas and Barba, Lorena A. and Benureau, Fabien C.Y. and Brown, C. Titus and {de Buyl}, Pierre and Caglayan, Ozan and Davison, Andrew P. and Delsuc, Marc-Andr{\'e} and Detorakis, Georgios and Diem, Alexandra K. and Drix, Damien and Enel, Pierre and Girard, Beno{\^i}t and Guest, Olivia and Hall, Matt G. and Henriques, Rafael N. and Hinaut, Xavier and Jaron, Kamil S. and Khamassi, Mehdi and Klein, Almar and Manninen, Tiina and Marchesi, Pietro and McGlinn, Daniel and Metzner, Christoph and Petchey, Owen and Plesser, Hans Ekkehard and Poisot, Timoth{\'e}e and Ram, Karthik and Ram, Yoav and Roesch, Etienne and Rossant, Cyrille and Rostami, Vahid and Shifman, Aaron and Stachelek, Joseph and Stimberg, Marcel and Stollmeier, Frank and Vaggi, Federico and Viejo, Guillaume and Vitay, Julien and Vostinar, Anya E. and Yurchak, Roman and Zito, Tiziano},
  year = {2017},
  month = dec,
  volume = {3},
  pages = {e142},
  issn = {2376-5992},
  doi = {10.7717/peerj-cs.142},
  journal = {PeerJ Computer Science},
  language = {en}
}

@article{tofighi11,
  Author = {D. Tofighi and D. P. MacKinnon},
  Year = {2011},
  Title = {Rmediation: {A} {R} package for mediation analysis confidence intervals},
  Journal = {Behavior {R}esearch {M}ethods},
  Volume = {43},
  Doi = {10.3758/s13428-011-0076-x},
  Pages = {692 - 700}}